%% This BibTeX bibliography file was created using BibDesk.
%% http://bibdesk.sourceforge.net/


%% Created for rOugher at 2016-10-30 13:02:42 -0500 


%% Saved with string encoding Unicode (UTF-8) 

@article{redmon2016yolo9000,
  title={YOLO9000: Better, Faster, Stronger},
  author={Redmon, Joseph and Farhadi, Ali},
  journal={arXiv preprint arXiv:1612.08242},
  year={2016}
}

@article{Kalal2012,
 author = {Kalal, Z and Mikolajczyk, K and Matas, J},
 journal = {Pattern Analysis and Machine Intelligence},
 title {Tracking-learning-detection},
 year = {2012}
}

@article{Kalal2012,
 author = {Kalal, Z and Mikolajczyk, K and Matas, J},
 journal = {Pattern Analysis and Machine Intelligence},
 title {Tracking-learning-detection},
 year = {2012}
}
